<?xml version="1.0" encoding="UTF-8"?><collection xmlns="http://www.loc.gov/MARC21/slim"><record><leader>00454nam--2200169-u-4500</leader><controlfield tag="001">000051248</controlfield><controlfield tag="002">20161230</controlfield><controlfield tag="005">20161230201049</controlfield><controlfield tag="008">080609s1000------------r-----000-0-eng-d</controlfield><datafield ind1=" " ind2=" " tag="040"><subfield code="a">IFIN-HH</subfield></datafield><datafield ind1=" " ind2=" " tag="080"><subfield code="a">513.73</subfield></datafield><datafield ind1="1" ind2=" " tag="100"><subfield code="a">Palais,Richard S</subfield></datafield><datafield ind1="1" ind2="0" tag="245"><subfield code="a">Lectures on the Differential Topology of Infinite Dimensional Manifolds</subfield></datafield><datafield ind1=" " ind2=" " tag="260"><subfield code="b">Brandeis University</subfield><subfield code="c">1964-1965</subfield></datafield><datafield ind1=" " ind2=" " tag="300"><subfield code="a">184 p</subfield></datafield><datafield ind1=" " ind2=" " tag="852"><subfield code="a">42199</subfield><subfield code="c">513.83</subfield></datafield><datafield ind1=" " ind2=" " tag="CAT"><subfield code="a">Sys</subfield><subfield code="c">20080609</subfield><subfield code="h">093051</subfield></datafield></record></collection>